% This file was created with JabRef 2.10.
% Encoding: UTF8



@online{imagen_hipercubo,
	title  = {Ejemplo Hipercubo},
	author = {\url{https://en.wikipedia.org/wiki/Hypercube_internetwork_topology#/media/File:Hypercube-construction-4d.png}}
}

@online{topologia_hipercubo,
	title  = {Topología Hipercubo},
	author = {\url{https://en.wikipedia.org/wiki/Hypercube_internetwork_topology}}
}

@online{xor,
	title  = {OR Exclusiva},
	author = {\url{https://en.wikipedia.org/wiki/Exclusive_or}}
}

@online{algoritmo,
	title  = {Algoritmo Hipercubo},
	author = {\url{https://en.wikipedia.org/wiki/Hypercube_(communication_pattern)#Algorithm_outline}}
}

@online{imagen_algoritmo,
	title  = {Ejemplo gráfico algoritmo},
	author = {\url{https://en.wikipedia.org/wiki/Hypercube_(communication_pattern)#/media/File:Hypergraph_Communication_Pattern.png}}
}







@online{mpi_init,
	title  = {Inicialización MPI},
	author = {\url{https://lsi.ugr.es/jmantas/ppr/ayuda/mpi_ayuda.php?ayuda=MPI_Init}}
}

@online{mpi_rank,
	title  = {Determinar \textit{rank} MPI},
	author = {\url{https://lsi.ugr.es/jmantas/ppr/ayuda/mpi_ayuda.php?ayuda=MPI_Comm_rank}}
}

@online{mpi_size,
	title  = {Determinar tamaño del comunicador MPI},
	author = {\url{https://lsi.ugr.es/jmantas/ppr/ayuda/mpi_ayuda.php?ayuda=MPI_Comm_size}}
}

@online{mpi_bcast,
	title  = {Broadcast MPI},
	author = {\url{https://lsi.ugr.es/jmantas/ppr/ayuda/mpi_ayuda.php?ayuda=MPI_Bcast}}
}

@online{mpi_send,
	title  = {Envío MPI},
	author = {\url{https://lsi.ugr.es/jmantas/ppr/ayuda/mpi_ayuda.php?ayuda=MPI_Send}}
}

@online{mpi_recv,
	title  = {Recepción MPI},
	author = {\url{https://lsi.ugr.es/jmantas/ppr/ayuda/mpi_ayuda.php?ayuda=MPI_Recv}}
}



